@book{radar,
	author={朱晓华},
	title={雷达信号分析与处理},
	subtitle={},
	year={2011},
	location={北京},
	publisher={国防工业出版社},
	pages={37--59}
}

@book{instrument,
	author={江苏万邦微电子有限公司},
	title={雷达信号分析与处理综合试验箱
		用户手册},
	subtitle={},
	year={2018},
	location={南京},
	publisher={江苏万邦微电子有限公司},
	pages={10--22}
}

